<?xml version="1.0" encoding="UTF-8"?><record xmlns="http://www.loc.gov/MARC21/slim" xmlns:cinclude="http://apache.org/cocoon/include/1.0" xmlns:zs="http://www.loc.gov/zing/srw/">
  <leader>00547cz  a2200145n  4500</leader>
  <controlfield tag="001">no 98088029 </controlfield>
  <controlfield tag="003">DLC</controlfield>
  <controlfield tag="005">20001129074355.0</controlfield>
  <controlfield tag="008">980528n| acannaabn          |a aaa     c</controlfield>
  <datafield tag="010" ind1=" " ind2=" ">
    <subfield code="a">no 98088029 </subfield>
  </datafield>
  <datafield tag="035" ind1=" " ind2=" ">
    <subfield code="a">(OCoLC)oca04738720</subfield>
  </datafield>
  <datafield tag="040" ind1=" " ind2=" ">
    <subfield code="a">CLU</subfield>
    <subfield code="b">eng</subfield>
    <subfield code="c">CLU</subfield>
    <subfield code="d">OCoLC</subfield>
  </datafield>
  <datafield tag="100" ind1="1" ind2=" ">
    <subfield code="a">Purcell Gatell, Waldemar,</subfield>
    <subfield code="d">1950-</subfield>
  </datafield>
  <datafield tag="400" ind1="1" ind2=" ">
    <subfield code="a">Gatell, Waldemar Purcell,</subfield>
    <subfield code="d">1950-</subfield>
  </datafield>
  <datafield tag="670" ind1=" " ind2=" ">
    <subfield code="a">AntologiĚa de cuentistas penĚolanos, 1994:</subfield>
    <subfield code="b">t.p. (Waldemar Purcell Gatell) p. 60 (Waldemar Manuel Purcell Gatell; b. Mar. 4, 1950 in Santurce, San Juan, P.R.; psychologist, writer)</subfield>
  </datafield>
</record>